@inproceedings{srebro2010smoothness,
  title={Smoothness, low noise and fast rates},
  author={Srebro, Nathan and Sridharan, Karthik and Tewari, Ambuj},
  booktitle={Advances in neural information processing systems},
  pages={2199--2207},
  year={2010}
}

@article{juditsky2008large,
  title={Large deviations of vector-valued martingales in 2-smooth normed spaces},
  author={Juditsky, Anatoli and Nemirovski, Arkadii S},
  journal={arXiv preprint arXiv:0809.0813},
  year={2008}
}

@article{bubeck2014convex,
  title={Convex optimization: Algorithms and complexity},
  author={Bubeck, S{\'e}bastien},
  journal={arXiv preprint arXiv:1405.4980},
  year={2014}
}

@book{wainwright2019high,
  title={High-dimensional statistics: A non-asymptotic viewpoint},
  author={Wainwright, Martin J},
  volume={48},
  year={2019},
  publisher={Cambridge University Press}
}
